@article{goring2015a,
  author={Goring, Simon and others},
  title={XXX},
  journal={XXX},
  volume={XXX},
  pages={XXX},
  year={in prep.}
}

@article{goring_witness,
  title={Changes in Forest Composition, Stem Density, amd Biomass from the Settlement Era (1800s) to Present in the Upper Midwestern {U}nited {S}tates},
  author={Goring, SJ and Williams, JW and Mladenoff, DJ and Cogbill, CV and Record, S and Paciorek, CJ and Jackson, ST and Dietze, MC and Dawson, A and Hatala Matthew, J and McLachlan, JS},
  journal={In review for Ecological Monographs},
  year={2015}
}

@book{gelman2014bayesian,
  title={Bayesian data analysis},
  author={Gelman, Andrew and Carlin, John B and Stern, Hal S and Rubin, Donald B},
  volume={2},
  year={2014},
  publisher={Taylor \& Francis}
}

@article{gelman2006prior,
  title={Prior distributions for variance parameters in hierarchical models (comment on article by Browne and Draper)},
  author={Gelman, Andrew and others},
  journal={Bayesian analysis},
  volume={1},
  number={3},
  pages={515--534},
  year={2006},
  publisher={International Society for Bayesian Analysis}
}

@inproceedings{macqueen1967some,
  title={Some methods for classification and analysis of multivariate observations},
  author={MacQueen, James and others},
  booktitle={Proceedings of the fifth Berkeley symposium on mathematical statistics and probability},
  volume={1},
  number={14},
  pages={281--297},
  year={1967},
  organization={Oakland, CA, USA.}
}

@article{finley2009improving,
  title={Improving the performance of predictive process modeling for large datasets},
  author={Finley, Andrew O and Sang, Huiyan and Banerjee, Sudipto and Gelfand, Alan E},
  journal={Computational statistics \& data analysis},
  volume={53},
  number={8},
  pages={2873--2884},
  year={2009},
  publisher={Elsevier}
}

@article{kujawa2015,
  author={Kujawa, Ellen and others},
  title={XXX},
  journal={XXX},
  volume={XXX},
  pages={XXX},
  year={in prep.}
}


@article{matthes2015,
  author={Matthes, J and others},
  title={XXX},
  journal={XXX},
  volume={XXX},
  pages={XXX},
  year={in review.}
}


@article{paciorek2015,
  author={Paciorek, C and others},
  title={XXX},
  journal={XXX},
  volume={XXX},
  pages={XXX},
  year={in prep.}
}
@article{havinga1964,
  title={Investigation into the differential corrosion susceptibility of pollen and spores},
  author={Havinga, Albert Jan},
  journal={Pollen et spores},
  volume={6},
  pages={621--635},
  year={1964}
}
@article{havinga1984,
  title={A 20-year experimental investigation into the differential corrosion susceptibility of pollen and spores in various soil types},
  author={Havinga, Albert Jan},
  journal={Pollen et spores},
  volume={26},
  pages={541--558},
  year={1984}
}
@article{devaux2007modelling,
  title={Modelling and estimating pollen movement in oilseed rape {(\textit{Brassica napus})} at the landscape scale using genetic markers},
  author={Devaux, C and Lavigne, C and Austerlitz, F and Klein, EK},
  journal={Molecular Ecology},
  volume={16},
  number={3},
  pages={487--499},
  year={2007},
  publisher={Wiley Online Library}
}

@article{austerlitz2004using,
  title={Using genetic markers to estimate the pollen dispersal curve},
  author={Austerlitz, Frederic and Dick, Christopher W and Dutech, Cyril and Klein, Etienne K and Oddou-Muratorio, Sylvie and Smouse, Peter E and Sork, Victoria L},
  journal={Molecular Ecology},
  volume={13},
  number={4},
  pages={937--954},
  year={2004},
  publisher={Wiley Online Library}
}

@article{maher1981statistics,
  title={Statistics for microfossil concentration measurements employing samples spiked with marker grains},
  author={Maher, Louis J},
  journal={Review of Palaeobotany and Palynology},
  volume={32},
  number={2},
  pages={153--191},
  year={1981},
  publisher={Elsevier}
}

@article{webb1978sensing,
  title={Sensing vegetational patterns with pollen data: choosing the data},
  author={Webb III, Th and Laseski, RA and Bernabo, JC},
  journal={Ecology},
  pages={1151--1163},
  year={1978},
  publisher={JSTOR}
}
@article{webb1978mapped,
  title={Mapped patterns in sediment samples of modern pollen from southeastern Canada and northeastern United States},
  author={Webb III, Thompson and Yeracaris, G Yoryos and Richard, Pierre},
  journal={G{\'e}ographie physique et Quaternaire},
  volume={32},
  number={2},
  pages={163--176},
  year={1978},
  publisher={Les Presses de l’Universit{\'e} de Montr{\'e}al}
}

@incollection{maher2012assessment,
  title={Assessment of uncertainties associated with palaeolimnological laboratory methods and microfossil analysis},
  author={Maher, Louis J and Heiri, Oliver and Lotter, Andr{\'e} F},
  booktitle={Tracking environmental change using lake sediments},
  pages={143--166},
  year={2012},
  publisher={Springer}
}
@article{hoffman2011nuts,
  title={{The No-U-Turn Sampler: Adaptively} setting path lengths in {Hamiltonian Monte Carlo}},
  author={Hoffman, Matthew D and Gelman, Andrew},
  journal={Journal of Machine Learning Research},
  year={2011},
  volume = {15},
  pages = {1351 - 1381}
}

@incollection{mcandrews1988human,
  title={Human disturbance of {North American} forests and grasslands: the fossil pollen record},
  author={{McAndrews}, John H},
  booktitle={Vegetation History},
  pages={673--697},
  year={1988},
  publisher={Springer}
}

@article{blaauw2010methods,
  title={Methods and code for ‘classical’age-modelling of radiocarbon sequences},
  author={Blaauw, Maarten},
  journal={Quaternary Geochronology},
  volume={5},
  number={5},
  pages={512--518},
  year={2010},
  publisher={Elsevier}
}

@book{clobert2012dispersal,
  title={Dispersal ecology and evolution},
  author={Clobert, Jean and Baguette, Michel and Benton, Tim G and Bullock, James M and Ducatez, Simon},
  year={2012},
  publisher={Oxford University Press}
}

@misc{stan-software:2014,
  author = {{Stan Development Team}},
  year = {2014},
  title = {{Stan: A C++} Library for Probability and Sampling,
           {Version 2.4}},
  url = {http://mc-stan.org/}
}

@article{prentice1986,
  title={Pollen percentages, tree abundances and the {Fagerlind} effect},
  author={Prentice, IC and Webb, T},
  journal={Journal of Quaternary Science},
  volume={1},
  number={1},
  pages={35--43},
  year={1986},
  publisher={Wiley Online Library}
}

@article{prentice1987quantitative,
  title={Quantitative forest-composition sensing characteristics of pollen samples from Swedish lakes},
  author={PRENTICE, I COLIN and BERGLUND, BJ{\"O}RN E and OLSSON, TOMMY},
  journal={Boreas},
  volume={16},
  number={1},
  pages={43--54},
  year={1987},
  publisher={Wiley Online Library}
}

@techreport{tauber1965,
  title={Differential pollen dispersion and the interpretation of pollen diagrams},
  author={Tauber, H},
  series={Danmarks Geologiske Unders{\o}gelse},
  volume={2},
  number={89},
  year={1965},
}

@incollection{jackson1994pollen,
  title={Pollen and spores in {Quaternary} lake sediments as sensors of vegetation composition: theoretical models and empirical evidence},
  author={Jackson, Stephen T},
  booktitle={Sedimentation of organic particles},
  publisher={Cambridge University Press},
  address={Cambridge},
  editor={Traverse, A.},
  pages={253--286},
  year={1994}
}

@article{jackson1990,
  title={Pollen source area and representation in small lakes of the northeastern {United States}},
  author={Jackson, Stephen T},
  journal={Review of Palaeobotany and Palynology},
  volume={63},
  number={1},
  pages={53--76},
  year={1990},
  publisher={Elsevier}
}

@article{jackson1995exploration,
  title={Exploration and calibration of pollen/vegetation relationships: a PC program for the extended R-value models},
  author={Jackson, Stephen T and Webb, Thompson and Prentice, I Colin and Hansen, James E},
  journal={Review of Palaeobotany and Palynology},
  volume={84},
  number={3},
  pages={365--374},
  year={1995},
  publisher={Elsevier}
}


@article{matthias2014insights,
  title={Insights into pollen source area, transport and deposition from modern pollen accumulation rates in lake sediments},
  author={Matthias, Isabelle and Giesecke, Thomas},
  journal={Quaternary Science Reviews},
  volume={87},
  pages={12--23},
  year={2014},
  publisher={Elsevier}
}
@article{jackson1999pollen,
  title={Pollen dispersal models in {Quaternary} plant ecology: assumptions, parameters, and prescriptions},
  author={Jackson, Stephen T and Lyford, Mark E},
  journal={The Botanical Review},
  volume={65},
  number={1},
  pages={39--75},
  year={1999},
  publisher={Springer}
}

@article{jacobson1981selection,
  title={The selection of sites for paleovegetational studies},
  author={Jacobson, George L and Bradshaw, Richard HW},
  journal={Quaternary research},
  volume={16},
  number={1},
  pages={80--96},
  year={1981},
  publisher={Elsevier}
}

@article{parsons1981statistical,
  title={Statistical approaches to R-values and the pollen—vegetation relationship},
  author={Parsons, RW and Prentice, IC},
  journal={Review of Palaeobotany and Palynology},
  volume={32},
  number={2},
  pages={127--152},
  year={1981},
  publisher={Elsevier}
}

@article{bradshaw1985relationships,
  title={Relationships between contemporary pollen and vegetation data from Wisconsin and Michigan, USA},
  author={Bradshaw, RHW and Webb III, Thompson},
  journal={Ecology},
  pages={721--737},
  year={1985},
  publisher={JSTOR}
}

@article{rhemtulla2009legacies,
  title={Legacies of historical land use on regional forest composition and structure in Wisconsin, USA (mid-1800s-1930s-2000s)},
  author={Rhemtulla, Jeanine M and Mladenoff, David J and Clayton, Murray K},
  journal={Ecological Applications},
  volume={19},
  number={4},
  pages={1061--1078},
  year={2009},
  publisher={Eco Soc America}
}

@article{schwartz1989predicting,
  title={Predicting tree frequencies from pollen frequency: an attempt to validate the R value method},
  author={Schwartz, Mark W},
  journal={New Phytologist},
  volume={112},
  number={1},
  pages={129--143},
  year={1989},
  publisher={Wiley Online Library}
}


@article{rhemtulla2007regional,
  title={Regional land-cover conversion in the US upper Midwest: magnitude of change and limited recovery (1850--1935--1993)},
  author={Rhemtulla, Jeanine M and Mladenoff, David J and Clayton, Murray K},
  journal={Landscape Ecology},
  volume={22},
  number={1},
  pages={57--75},
  year={2007},
  publisher={Springer}
}
@article{liu2012temporal,
  title={Temporal density of pollen sampling affects age determination of the mid-Holocene hemlock (Tsuga) decline},
  author={Liu, Yao and Brewer, Simon and Booth, Robert K and Minckley, Thomas A and Jackson, Stephen T},
  journal={Quaternary Science Reviews},
  volume={45},
  pages={54--59},
  year={2012},
  publisher={Elsevier}
}


@article{sugita2007theory1,
  title={Theory of quantitative reconstruction of vegetation {I: pollen} from large sites {REVEALS} regional vegetation composition},
  author={Sugita, Shinya},
  journal={The Holocene},
  volume={17},
  number={2},
  pages={229--241},
  year={2007}
}

@article{sugita2007theory2,
  title={Theory of quantitative reconstruction of vegetation {II}: all you need is {LOVE}},
  author={Sugita, Shinya},
  journal={The Holocene},
  volume={17},
  number={2},
  pages={243--257},
  year={2007}
}

@article{sugita1994pollen,
  title={Pollen representation of vegetation in Quaternary sediments: theory and method in patchy vegetation},
  author={Sugita, Shinya},
  journal={Journal of Ecology},
  pages={881--897},
  year={1994},
  publisher={JSTOR}
}

@article{davis1963theory,
  title={On the theory of pollen analysis},
  author={Davis, Margaret B},
  journal={American Journal of Science},
  volume={261},
  number={10},
  pages={897--912},
  year={1963},
  publisher={American Journal of Science}
}

@article{st2014bias,
  title={The bias and signal attenuation present in conventional pollen-based climate reconstructions as assessed by early climate data from {Minnesota, USA}.},
  author={St Jacques, JM and Cumming, BF and Sauchyn, DJ and Smol, JP},
  journal={PloS one},
  volume={10},
  number={1},
  pages={e0113806--e0113806},
  year={2014}
}

@article{calcote1995pollen,
  title={Pollen source area and pollen productivity: evidence from forest hollows},
  author={Calcote, Randy},
  journal={Journal of Ecology},
  pages={591--602},
  year={1995},
  publisher={JSTOR}
}

@article{jackson1998quantitative,
  title={Quantitative representation of local forest composition in forest-floor pollen assemblages},
  author={Jackson, Stephen T and Kearsley, Jennifer B},
  journal={Journal of Ecology},
  volume={86},
  number={3},
  pages={474--490},
  year={1998},
  publisher={Wiley Online Library}
}

@book{almendinger1996minnesota,
  title={Minnesota's bearing tree database},
  author={Almendinger, John C},
  year={1996},
  publisher={Minn. Department of Natural Resources}
}

@book{stewart1935public,
  title={Public land surveys: history, instructions, methods},
  author={Stewart, Lowell O},
  year={1935},
  publisher={Collegiate Press, Incorporated}
}

@book{white1983history,
  title={A history of the rectangular survey system},
  author={White, C Albert},
  year={1983},
  publisher={US Department of the Interior, Bureau of Land Management}
}

@article{jackson2007looking,
  title={Looking forward from the past: history, ecology, and conservation},
  author={Jackson, Stephen T},
  journal={Frontiers in Ecology and the Environment},
  volume={5},
  number={9},
  pages={455--455},
  year={2007},
  publisher={Eco Soc America}
}

@article{mladenoff2002narrowing,
  title={Narrowing Historical Uncertainty: Probabilistic Classification of Ambiguously Identified TreeSpecies in Historical ForestSurvey Data},
  author={Mladenoff, David J and Dahir, Sally E and Nordheim, Eric V and Schulte, Lisa A and Guntenspergen, Glenn G},
  journal={Ecosystems},
  volume={5},
  number={6},
  pages={539--553},
  year={2002},
  publisher={Springer}
}

@incollection{prentice1988records,
  title={Records of vegetation in time and space: the principles of pollen analysis},
  author={Prentice, Colin},
  booktitle={Vegetation history},
  pages={17--42},
  year={1988},
  publisher={Kluwer Academic Publishers},
  address={Dordrecht}
}

@article{williams2009rapid,
  title={Rapid responses of the prairie-forest ecotone to early Holocene aridity in mid-continental North America},
  author={Williams, John W and Shuman, Bryan and Bartlein, Patrick J},
  journal={Global and Planetary Change},
  volume={66},
  number={3},
  pages={195--207},
  year={2009},
  publisher={Elsevier}
}
@article{prentice1985pollen,
  title={Pollen representation, source area, and basin size: toward a unified theory of pollen analysis},
  author={Prentice, I Colin},
  journal={Quaternary Research},
  volume={23},
  number={1},
  pages={76--86},
  year={1985},
  publisher={Elsevier}
}
@article{buck1999bcal,
  title={{BCal: an} on-line {Bayesian} radiocarbon calibration tool},
  author={Buck, Caitlin E and Christen, J Andr{\'e}s and James, Gary N},
  journal={Internet Archaeology},
  volume={7},
  year={1999}
}

@article{blaauw2005radiocarbon,
  title={Radiocarbon peat chronologies and environmental change},
  author={Blaauw, Maarten and Christen, J Andr{\'e}s},
  journal={Journal of the Royal Statistical Society: Series C (Applied Statistics)},
  volume={54},
  number={4},
  pages={805--816},
  year={2005},
  publisher={Wiley Online Library}
}

@article{ramsey1995radiocarbon,
  title={Radiocarbon calibration and analysis of stratigraphy; the {OxCal} program},
  author={Ramsey, Christopher Bronk},
  journal={Radiocarbon},
  volume={37},
  number={2},
  pages={425--430},
  year={1995}
}

@article{sugita1999landscape,
  title={Landscape openness and pollen records: a simulation approach},
  author={Sugita, Shinya and Gaillard, M-J and Brostr{\"o}m, Anna},
  journal={The Holocene},
  volume={9},
  number={4},
  pages={409--421},
  year={1999},
  publisher={Sage Publications}
}

@article{marquer2014holocene,
  title={Holocene changes in vegetation composition in northern Europe: why quantitative pollen-based vegetation reconstructions matter},
  author={Marquer, Laurent and Gaillard, Marie-Jos{\'e} and Sugita, Shinya and Trondman, Anna-Kari and Mazier, Florence and Nielsen, Anne Birgitte and Fyfe, Ralph M and Odgaard, Bent Vad and Alenius, Teija and Birks, H John B and others},
  journal={Quaternary Science Reviews},
  volume={90},
  pages={199--216},
  year={2014},
  publisher={Elsevier}
}

@article{brostrom2008pollen,
  title={Pollen productivity estimates of key European plant taxa for quantitative reconstruction of past vegetation: a review},
  author={Brostr{\"o}m, Anna and Nielsen, Anne Birgitte and Gaillard, Marie-Jos{\'e} and Hjelle, Kari and Mazier, Florence and Binney, Heather and Bunting, Jane and Fyfe, Ralph and Meltsov, Viveca and Poska, Anneli and others},
  journal={Vegetation history and archaeobotany},
  volume={17},
  number={5},
  pages={461--478},
  year={2008},
  publisher={Springer}
}

@TechReport{wright1969,
  author = 	 {Wright, H.E. and Watts, W.A. and Jelgersma, S. and Waddington, J.C.B. and Ogawa, J. and Winter, T.C.},
  title = 	 {{SP-11} Glacial and Vegetational History of Northeastern {Minnesota}},
  institution =  {Minnesota Geological Survey},
  year = 	 {1969},
}

@article{solomon1985computer,
  title={Computer-aided reconstruction of {late-Quaternary} landscape dynamics},
  author={Solomon, Allen M and Webb, Thompson},
  journal={Annual Review of Ecology and Systematics},
  pages={63--84},
  year={1985}
}

@article{watanabe2010asymptotic,
  title={Asymptotic equivalence of {Bayes} cross validation and widely applicable information criterion in singular learning theory},
  author={Watanabe, Sumio},
  journal={The Journal of Machine Learning Research},
  volume={11},
  pages={3571--3594},
  year={2010}
}

@article{gelman2014understanding,
  title={Understanding predictive information criteria for {Bayesian} models},
  author={Gelman, Andrew and Hwang, Jessica and Vehtari, Aki},
  journal={Statistics and Computing},
  volume={24},
  number={6},
  pages={997--1016},
  year={2014},
  publisher={Springer}
}

@article{williams2003variations,
  title={Variations in tree cover in North America since the last glacial maximum},
  author={Williams, John W},
  journal={Global and Planetary Change},
  volume={35},
  number={1},
  pages={1--23},
  year={2003},
  publisher={Elsevier}
}

@article{webb1981estimating,
  title={Estimating plant abundances from pollen percentages: the use of regression analysis},
  author={Webb, TIII and Howe, SE and Bradshaw, RHW and Heide, KM},
  journal={Review of Palaeobotany and Palynology},
  volume={34},
  number={3},
  pages={269--300},
  year={1981},
  publisher={Elsevier}
}

@PhdThesis{lawrenz1975,
  author = 	 {Lawrenz, R.W.},
  title = 	 {The developmental paleoecology of {Green Lake, Antrim County, Michigan}},
  school = 	 {Central Michigan University},
  year = 	 {1975},
}

@thesis{webb1971late,
  title={The late-and post-glacial sequence of climatic events in Wisconsin and east-central Minnesota: Quantitative estimates derived from fossil pollen spectra by multivariate statistical analysis},
  author={Webb, Thompson},
  year={1971},
  publisher={University of Wisconsin--Madison}
}

@article{cramer2001global,
  title={Global response of terrestrial ecosystem structure and function to {CO$_2$} and climate change: results from six dynamic global vegetation models},
  author={Cramer, Wolfgang and Bondeau, Alberte and Woodward, F Ian and Prentice, I Colin and Betts, Richard A and Brovkin, Victor and Cox, Peter M and Fisher, Veronica and Foley, Jonathan A and Friend, Andrew D and Kucharik, Chris and Lomas, Mark R and Ramankutty, Navin and Sitch, Stephen and Smith, Benjamin and White, Andrew and Young-Molling, Christine},
  journal={Global Change Biology},
  volume={7},
  number={4},
  pages={357--373},
  year={2001},
  publisher={Wiley Online Library}
}

@article{goring2015,
  title={{neotoma}: A Programmatic Interface to the {Neotoma} Paleoecological Database},
  author={Goring, Simon and Dawson, Andria and Simpson, Gavin L and Ram, Karthik and Graham, Russ W and Grimm, Eric C and Williams, John W},
  journal={Open Quaternary},
  doi={http://doi.org/10.5334/oq.ab},
  year={2015}
}

@article{paciorek2009mapping,
  title={Mapping ancient forests: Bayesian inference for spatio-temporal trends in forest composition using the fossil pollen proxy record},
  author={Paciorek, Christopher J and McLachlan, Jason S},
  journal={Journal of the American Statistical Association},
  volume={104},
  number={486},
  pages={608--622},
  year={2009},
  publisher={Taylor \& Francis}
}

@article{blaauw2011flexible,
  title={Flexible paleoclimate age-depth models using an autoregressive gamma process},
  author={Blaauw, Maarten and Christen, J Andr{\'e}s and others},
  journal={Bayesian Analysis},
  volume={6},
  number={3},
  pages={457--474},
  year={2011},
  publisher={International Society for Bayesian Analysis}
}
@book{curtis1959vegetation,
  title={The vegetation of Wisconsin: an ordination of plant communities},
  author={Curtis, John T},
  year={1959},
  publisher={University of Wisconsin Pres}
}
@article{ward1978procedures,
  title={Procedures for comparing and combining radiocarbon age determinations: a critique},
  author={Ward, Greame K and Wilson, SR},
  journal={Archaeometry},
  volume={20},
  number={1},
  pages={19--31},
  year={1978},
  publisher={Wiley Online Library}
}

@article{reimer2013intcal13,
  title={{IntCal13 and Marine13} radiocarbon age calibration curves 0-50,000 years cal {BP}},
  author={Reimer, Paula J and Bard, Edouard and Bayliss, Alex and Beck, J Warren and Blackwell, Paul G and Bronk Ramsey, Christopher and Buck, Caitlin E and Cheng, Hai and Edwards, R Lawrence and Friedrich, Michael and others},
  year={2013},
  publisher={University of Arizona},
  journal={Radiocarbon},
  volume={55},
  number={4},
  pages={1869-1887}
}

@article{blois2011methodological,
  title={A methodological framework for assessing and reducing temporal uncertainty in paleovegetation mapping from {late-Quaternary} pollen records},
  author={Blois, Jessica L and Williams, John W and Grimm, Eric C and Jackson, Stephen T and Graham, Russell W},
  journal={Quaternary Science Reviews},
  volume={30},
  number={15},
  pages={1926--1939},
  year={2011},
  publisher={Elsevier}
}

@article{bourdo1956review,
  title={A review of the General Land Office survey and of its use in quantitative studies of former forests},
  author={Bourdo, Eric A},
  journal={Ecology},
  pages={754--768},
  year={1956},
  publisher={JSTOR}
}

@article{schulte2001original,
  title={The original {US} public land survey records: their use and limitations in reconstructing presettlement vegetation},
  author={Schulte, Lisa A and Mladenoff, David J},
  journal={Journal of Forestry},
  volume={99},
  number={10},
  pages={5--10},
  year={2001},
  publisher={Society of American Foresters}
}

@article{garreta2010method,
  title={A method for climate and vegetation reconstruction through the inversion of a dynamic vegetation model},
  author={Garreta, Vincent and Miller, Paul A and Guiot, Jo{\"e}l and H{\'e}ly, Christelle and Brewer, Simon and Sykes, Martin T and Litt, Thomas},
  journal={Climate Dynamics},
  volume={35},
  number={2-3},
  pages={371--389},
  year={2010},
  publisher={Springer}
}